@book{ds,
	address = {City},
	publisher = {Publisher},
	author = {admo, John},
	title = {city of sin},
	year = {2012},
	volume = {3},
	series = {2},
	edition = {1},
	pages = {123--200},
	month = {January}
}

